<record><leader>00000cas a22000007a 4500</leader><controlfield tag="001">15553539</controlfield><controlfield tag="008">870420d18881891msudr ne      0    0eng d</controlfield><datafield ind1=" " ind2=" " tag="010"><subfield code="a">sn 87065239 </subfield></datafield><datafield ind1=" " ind2=" " tag="040"><subfield code="a">MJA</subfield><subfield code="b">eng</subfield><subfield code="c">MJA</subfield><subfield code="d">MSJ</subfield><subfield code="d">CRL</subfield><subfield code="d">ANU</subfield><subfield code="d">OCLCQ</subfield><subfield code="d">DLC</subfield></datafield><datafield ind1=" " ind2=" " tag="042"><subfield code="a">msc</subfield></datafield><datafield ind1=" " ind2=" " tag="043"><subfield code="a">n-us-ms</subfield></datafield><datafield ind1="0" ind2=" " tag="130"><subfield code="a">Daily clarion-ledger (Jackson, Miss. : 1888)</subfield></datafield><datafield ind1="1" ind2="4" tag="245"><subfield code="a">The Daily clarion-ledger.</subfield></datafield><datafield ind1=" " ind2=" " tag="260"><subfield code="a">Jackson, Miss. :</subfield><subfield code="b">R.H. Henry &amp; Co.,</subfield><subfield code="c">-1891.</subfield></datafield><datafield ind1=" " ind2=" " tag="310"><subfield code="a">Daily</subfield></datafield><datafield ind1="1" ind2=" " tag="362"><subfield code="a">Began in Jan. 1888.</subfield></datafield><datafield ind1="0" ind2=" " tag="362"><subfield code="a">-v. 2, no. 274 (Nov. 26, 1891).</subfield></datafield><datafield ind1=" " ind2=" " tag="580"><subfield code="a">Issued also in a weekly edition called: Clarion ledger (Jackson, Miss. : 1888).</subfield></datafield><datafield ind1=" " ind2=" " tag="580"><subfield code="a">Split into: Daily state ledger, and: Daily clarion (Jackson, Miss. : 1891).</subfield></datafield><datafield ind1=" " ind2=" " tag="588"><subfield code="a">Description based on: Feb. 12, 1888.</subfield></datafield><datafield ind1=" " ind2="4" tag="651"><subfield code="a">Jackson (Miss.)</subfield><subfield code="v">Newspapers.</subfield></datafield><datafield ind1=" " ind2="4" tag="651"><subfield code="a">Hinds County (Miss.)</subfield><subfield code="v">Newspapers.</subfield></datafield><datafield ind1=" " ind2=" " tag="752"><subfield code="a">United States</subfield><subfield code="b">Mississippi</subfield><subfield code="c">Hinds</subfield><subfield code="d">Jackson.</subfield></datafield><datafield ind1="1" ind2=" " tag="775"><subfield code="t">Clarion ledger (Jackson, Miss. : 1888)</subfield><subfield code="w">(DLC)sn 83016927</subfield><subfield code="w">(OCoLC)10210302</subfield></datafield><datafield ind1="0" ind2="4" tag="780"><subfield code="t">State ledger (Jackson, Miss.)</subfield><subfield code="w">(DLC)sn 87065280</subfield><subfield code="w">(OCoLC)15543833</subfield></datafield><datafield ind1="0" ind2="4" tag="780"><subfield code="t">Daily clarion (Jackson, Miss.)</subfield><subfield code="w">(DLC)sn 83045232</subfield><subfield code="w">(OCoLC)9390491</subfield></datafield><datafield ind1="1" ind2="6" tag="785"><subfield code="t">Daily state ledger</subfield><subfield code="w">(DLC)sn 87065244</subfield><subfield code="w">(OCoLC)15545909</subfield></datafield><datafield ind1="1" ind2="6" tag="785"><subfield code="t">Daily clarion (Jackson, Miss. : 1891)</subfield><subfield code="w">(DLC)sn 87065242</subfield><subfield code="w">(OCoLC)15545068</subfield></datafield></record>